<record><leader>00000cas a22000007a 4500</leader><controlfield tag="001">9310284</controlfield><controlfield tag="008">830315d18921896mnuwr ne      0   b0nor d</controlfield><datafield ind1=" " ind2=" " tag="010"><subfield code="a">sn 83025204 </subfield></datafield><datafield ind1=" " ind2=" " tag="040"><subfield code="a">NPV</subfield><subfield code="b">eng</subfield><subfield code="c">NPV</subfield><subfield code="d">OCLCQ</subfield></datafield><datafield ind1=" " ind2=" " tag="042"><subfield code="a">msc</subfield></datafield><datafield ind1=" " ind2=" " tag="043"><subfield code="a">n-us-mn</subfield></datafield><datafield ind1=" " ind2=" " tag="045"><subfield code="a">w9w9</subfield></datafield><datafield ind1=" " ind2=" " tag="052"><subfield code="a">4143</subfield><subfield code="b">Y4</subfield></datafield><datafield ind1="0" ind2="0" tag="245"><subfield code="a">Minnesota folkeblad.</subfield></datafield><datafield ind1=" " ind2=" " tag="260"><subfield code="a">Canby, Minn. :</subfield><subfield code="b">Minnesota Folkeblad Pub. Co.</subfield></datafield><datafield ind1=" " ind2=" " tag="300"><subfield code="a">v. :</subfield><subfield code="b">ill. (chiefly adv.)</subfield></datafield><datafield ind1="1" ind2=" " tag="362"><subfield code="a">Began in 1892; ceased in 1896.</subfield><subfield code="z">Cf. O.M. Hovde and M.E. Henzler. Norwegian-Amer. newspapers in Luther Coll. Lib.</subfield></datafield><datafield ind1=" " ind2=" " tag="500"><subfield code="a">Editor: &lt;Nov. 28, 1895-&gt;, John &#216;stens&#248;e.</subfield></datafield><datafield ind1=" " ind2=" " tag="521"><subfield code="a">"Liberalt ugeblad for skandinaverne i det sydvstlige Minnesota."</subfield></datafield><datafield ind1=" " ind2=" " tag="546"><subfield code="a">In Norwegian.</subfield></datafield><datafield ind1=" " ind2=" " tag="588"><subfield code="a">Description based on: 3die Aarg., nr. 35 (28de nov., 1895).</subfield></datafield><datafield ind1="1" ind2=" " tag="700"><subfield code="a">&#216;stens&#248;e, John.</subfield></datafield><datafield ind1=" " ind2=" " tag="752"><subfield code="a">United States</subfield><subfield code="b">Minnesota</subfield><subfield code="c">Yellow Medicine</subfield><subfield code="d">Canby.</subfield></datafield><datafield ind1="0" ind2="4" tag="785"><subfield code="t">Madison tidende</subfield><subfield code="w">(DLC)sn 83025203</subfield></datafield><datafield ind1="1" ind2=" " tag="029"><subfield code="a">AU@</subfield><subfield code="b">000025809592</subfield></datafield></record>